@article{2008goto,
author = {Goto, Kazushige and Geijn, Robert A. van de},
title = {Anatomy of High-Performance Matrix Multiplication},
year = {2008},
issue_date = {May 2008},
publisher = {Association for Computing Machinery},
address = {New York, NY, USA},
volume = {34},
number = {3},
issn = {0098-3500},
url = {https://doi.org/10.1145/1356052.1356053},
doi = {10.1145/1356052.1356053},
journal = {ACM Trans. Math. Softw.},
month = may,
articleno = {Article 12},
numpages = {25},
keywords = {matrix multiplication, Linear algebra, basic linear algebra subprogrms}
}
